<record><leader>00000cas a2200000 a 4500</leader><controlfield tag="001">225129969</controlfield><controlfield tag="006">m     o  d        </controlfield><controlfield tag="007">cr |||||||||||</controlfield><controlfield tag="008">080417d18451845mauwr nso     0    0eng c</controlfield><datafield ind1=" " ind2=" " tag="010"><subfield code="a">  2008233127</subfield></datafield><datafield ind1=" " ind2=" " tag="040"><subfield code="a">GUA</subfield><subfield code="b">eng</subfield><subfield code="c">GUA</subfield><subfield code="d">GUA</subfield><subfield code="d">OCLCQ</subfield></datafield><datafield ind1=" " ind2=" " tag="042"><subfield code="a">pcc</subfield></datafield><datafield ind1="1" ind2="4" tag="050"><subfield code="a">AP2</subfield></datafield><datafield ind1="0" ind2="4" tag="245"><subfield code="a">The Hangman.</subfield></datafield><datafield ind1="1" ind2=" " tag="246"><subfield code="i">Some providers list issues under title:</subfield><subfield code="a">Prisoner's friend</subfield></datafield><datafield ind1=" " ind2=" " tag="260"><subfield code="a">Boston [Mass.] :</subfield><subfield code="b">Charles Spear</subfield></datafield><datafield ind1=" " ind2=" " tag="310"><subfield code="a">Weekly</subfield></datafield><datafield ind1=" " ind2=" " tag="336"><subfield code="a">text</subfield><subfield code="b">txt</subfield><subfield code="2">rdacontent</subfield></datafield><datafield ind1=" " ind2=" " tag="337"><subfield code="a">computer</subfield><subfield code="b">c</subfield><subfield code="2">rdamedia</subfield></datafield><datafield ind1=" " ind2=" " tag="338"><subfield code="a">online resource</subfield><subfield code="b">cr</subfield><subfield code="2">rdacarrier</subfield></datafield><datafield ind1="0" ind2=" " tag="362"><subfield code="a">Vol. 1, no. 1 (Jan. 1, 1845)- ; new ser., v. 1, no. 1 (Apr. 2, 1845)-new ser., v. 1, no. 39 (Dec. 24, 1845).</subfield></datafield><datafield ind1=" " ind2=" " tag="500"><subfield code="a">Title from pdf of caption (Proquest APS Online, viewed Apr. 15, 2008).</subfield></datafield><datafield ind1=" " ind2=" " tag="530"><subfield code="a">Also issued in print and on microfilm.</subfield></datafield><datafield ind1=" " ind2=" " tag="752"><subfield code="a">United States</subfield><subfield code="b">Massachusetts</subfield><subfield code="c">Suffolk</subfield><subfield code="d">Boston.</subfield></datafield><datafield ind1="1" ind2=" " tag="776"><subfield code="t">Hangman</subfield><subfield code="w">(DLC)sn 89028906</subfield><subfield code="w">(OCoLC)7806304</subfield></datafield><datafield ind1="0" ind2="0" tag="785"><subfield code="t">Prisoners' friend</subfield><subfield code="w">(DLC)  2008233128</subfield><subfield code="w">(OCoLC)225129208</subfield></datafield><datafield ind1="4" ind2="0" tag="856"><subfield code="u">http://proquest.umi.com/pdqweb</subfield></datafield></record>